<record xmlns='http://www.loc.gov/MARC21/slim'><leader>03384ctm a2200469Ia 4500</leader><controlfield tag='001'>5140367</controlfield><controlfield tag='005'>20200924101210.0</controlfield><controlfield tag='008'>061116s1603    xx            000 0 ota d</controlfield><datafield ind1=' ' ind2=' ' tag='035'><subfield code='a'>5140367</subfield></datafield><datafield ind1=' ' ind2=' ' tag='040'><subfield code='a'>PUL</subfield><subfield code='c'>PUL</subfield><subfield code='e'>amremm</subfield><subfield code='d'>PUL</subfield></datafield><datafield ind1=' ' ind2=' ' tag='066'><subfield code='c'>(3</subfield></datafield><datafield ind1=' ' ind2=' ' tag='035'><subfield code='a'>(OCoLC)76167053</subfield></datafield><datafield ind1=' ' ind2=' ' tag='043'><subfield code='a'>n-us-nj</subfield></datafield><datafield ind1=' ' ind2=' ' tag='049'><subfield code='a'>PULL</subfield></datafield><datafield ind1='0' ind2=' ' tag='100'><subfield code='6'>880-01</subfield><subfield code='a'>Edhem.</subfield><subfield code='0'>http://id.loc.gov/authorities/names/nr96017149</subfield></datafield><datafield ind1='1' ind2='0' tag='245'><subfield code='6'>880-02</subfield><subfield code='a'>[Vaka-yi Kerbela]</subfield></datafield><datafield ind1=' ' ind2=' ' tag='260'><subfield code='c'>[1603]</subfield></datafield><datafield ind1=' ' ind2=' ' tag='300'><subfield code='a'>ii, 219, i leaves :</subfield><subfield code='b'>paper ;</subfield><subfield code='c'>244 x 160 (174 x 102) mm. bound to 245 x 165 mm.</subfield></datafield><datafield ind1=' ' ind2=' ' tag='500'><subfield code='a'>Ms. codex.</subfield></datafield><datafield ind1=' ' ind2=' ' tag='546'><subfield code='a'>In Ottoman Turkish.</subfield></datafield><datafield ind1=' ' ind2=' ' tag='500'><subfield code='a'>Title supplied by the cataloger.</subfield></datafield><datafield ind1='8' ind2=' ' tag='520'><subfield code='a'>A history of the battle of Karbala and the martyrdom of Imam Ḥusayn. The text ends on fol. 215b, and is followed (on ff. 216a-218b) by an incomplete text entitled &quot;Mersiye&quot;, consisting of a mersiye (a dirge in memory of Haṣan and Ḥusayn), and a commentary.</subfield></datafield><datafield ind1=' ' ind2=' ' tag='500'><subfield code='a'>18 lines per page. Written in small nastaʻlīq in black ink with use of red for rubrication. Text is within a frame outlined with four lines, in yellow, green, red and blue, with verses separated from the main text in sections ruled in red ink. Fol. 1b has an illuminated head piece executed in gold leaf with blue, orange and black watercolors, and the text frame is in gold leaf with one red and one blue line around it. Catchwords on the verso of each leaf. Foliation in Arabic numerals in black ink starts on fol. 2. Glazed dark cream paper with visible laid lines.</subfield></datafield><datafield ind1=' ' ind2=' ' tag='561'><subfield code='a'>Statement of gift from Mehmet Efendi to Mehmet Edip, dated 1146 (1733-34), and accompanied by a seal, on fol. 1a.</subfield></datafield><datafield ind1=' ' ind2=' ' tag='563'><subfield code='a'>Green leather with envelope flap. Gold tooled border design on covers and the envelope flap consisting of multiple gold rolls and fillets, with small rosetta stamps forming corner pieces. Gold stamped &apos;branch with flowers&apos; motif on upper and lower covers. Gold tooled panel design on fore edge flap, made with fillets and rosetta stamps. Endleaves and lining to envelope flap in yellow embossed glazed paper. Lining to the fore edge flap in green leather.</subfield></datafield><datafield ind1='4' ind2=' ' tag='510'><subfield code='a'>Özege, M. S. Eski harflerle,</subfield><subfield code='c'>22472</subfield></datafield><datafield ind1='0' ind2='0' tag='600'><subfield code='a'>Ḥusayn ibn ʻAlī,</subfield><subfield code='d'>-680</subfield><subfield code='x'>Death and burial</subfield><subfield code='v'>Early works to 1800.</subfield></datafield><datafield ind1=' ' ind2='0' tag='650'><subfield code='a'>Karbalāʼ, Battle of, Karbalāʼ, Iraq, 680</subfield><subfield code='v'>Early works to 1800.</subfield></datafield><datafield ind1=' ' ind2='0' tag='650'><subfield code='a'>Shiites</subfield><subfield code='x'>History</subfield><subfield code='y'>To 1500</subfield><subfield code='v'>Early works to 1800.</subfield></datafield><datafield ind1=' ' ind2='0' tag='650'><subfield code='a'>Islam</subfield><subfield code='x'>History</subfield><subfield code='y'>To 1500</subfield><subfield code='v'>Early works to 1800.</subfield></datafield><datafield ind1=' ' ind2='0' tag='650'><subfield code='a'>Manuscripts, Turkish</subfield><subfield code='z'>New Jersey</subfield><subfield code='z'>Princeton.</subfield></datafield><datafield ind1=' ' ind2='7' tag='655'><subfield code='a'>Manuscripts, Turkish</subfield><subfield code='y'>17th century.</subfield><subfield code='2'>lcsh</subfield></datafield><datafield ind1=' ' ind2='7' tag='655'><subfield code='a'>Illuminated manuscripts</subfield><subfield code='z'>Islamic countries</subfield><subfield code='y'>17th century.</subfield><subfield code='2'>aat</subfield></datafield><datafield ind1=' ' ind2='7' tag='655'><subfield code='a'>Headpieces (layout features)</subfield><subfield code='z'>Islamic countries</subfield><subfield code='y'>17th century.</subfield><subfield code='2'>aat</subfield></datafield><datafield ind1='0' ind2='2' tag='740'><subfield code='6'>880-03</subfield><subfield code='a'>Mersiye</subfield></datafield><datafield ind1='0' ind2=' ' tag='880'><subfield code='6'>100-01/(3/r</subfield><subfield code='a'>ادهم.</subfield></datafield><datafield ind1='1' ind2='0' tag='880'><subfield code='6'>245-02/(3/r</subfield><subfield code='a'>[وقعة كربلاء]</subfield></datafield><datafield ind1=' ' ind2=' ' tag='880'><subfield code='6'>500-00/(3/r</subfield><subfield code='a'>Incipit: رب شرح لي صدري ويسر لي امري واحل عقدة من لساني ويفقهو اقوالي</subfield></datafield><datafield ind1=' ' ind2=' ' tag='880'><subfield code='6'>500-00/(3/r</subfield><subfield code='a'>Explicit (fol. 215b): اجرلر بو له لر وجمله ثوابلر ندن بو مصيبت نامه مؤلفنه تصدق قلوب بو ثوابي دخي موجب مزيد حسنات بله لر</subfield></datafield><datafield ind1='0' ind2='2' tag='880'><subfield code='6'>740-03/(3/r</subfield><subfield code='a'>مرثيه</subfield></datafield><datafield ind1='4' ind2='1' tag='856'><subfield code='u'>http://arks.princeton.edu/ark:/88435/k3569439t</subfield></datafield><datafield ind1=' ' ind2=' ' tag='902'><subfield code='a'>ist</subfield><subfield code='b'>o</subfield><subfield code='6'>t</subfield><subfield code='7'>m</subfield><subfield code='d'>v</subfield><subfield code='f'>0</subfield><subfield code='e'>20070309</subfield></datafield><datafield ind1='8' ind2=' ' tag='852'><subfield code='0'>5331583</subfield><subfield code='b'>hsvm</subfield><subfield code='h'>Islamic Manuscripts, New Series no. 1718</subfield></datafield><datafield ind1='8' ind2=' ' tag='852'><subfield code='0'>9385163</subfield><subfield code='b'>elf1</subfield><subfield code='h'>Electronic Resource</subfield></datafield><datafield ind1=' ' ind2=' ' tag='959'><subfield code='a'>2007-03-09 15:10:56 +0000</subfield></datafield></record>
